@book{pmbok,
	Author = {PMI},
	Edition = {5},
	Publisher = {PMI},
	Title = {Project Management Book Of Knowledge},
	Year = {2013}}
